@book{murphy1999technical,
  title={Technical analysis of the financial markets: A comprehensive guide to trading methods and applications},
  author={Murphy, John J},
  year={1999},
  publisher={Penguin}
}

@article{hollis2018deep,
  title={Deep Learning Algorithms Applied to Blockchain-Based Financial Time Series},
  author={Hollis, Thomas},
  year={2018}
}

@misc{kaggle2017twosigma,
  author={Kaggle},
  title={Two Sigma: Using News to Predict Stock Movements},
  howpublished={\url{https://www.kaggle.com/c/two-sigma-financial-news}},
  note = {Accessed: 2018-09-30}
}

@misc{NYSE2007NYSE,
  author={NYSE},
  title={NYSE Group Equities Streamlining},
  howpublished={\url{https://www.nyse.com/publicdocs/nyse/markets/nyse/CCG_Notification_Update1.pdf}},
  note = {Accessed: 2018-09-30}
}

@article{gamble2009british,
  title={British politics and the financial crisis},
  author={Gamble, Andrew},
  journal={British Politics},
  volume={4},
  number={4},
  pages={450--462},
  year={2009},
  publisher={Springer}
}

@article{malkiel1970efficient,
  title={Efficient capital markets: A review of theory and empirical work},
  author={Malkiel, Burton G and Fama, Eugene F},
  journal={The journal of Finance},
  volume={25},
  number={2},
  pages={383--417},
  year={1970},
  publisher={Wiley Online Library}
}
					
@book{hamilton1994time,
  title={Time series analysis},
  author={Hamilton, James Douglas},
  volume={2},
  year={1994},
  publisher={Princeton university press Princeton, NJ}
}
					
@article{walker1931periodicity,
  title={On periodicity in series of related terms},
  author={Walker, Gilbert Thomas},
  journal={Proceedings of the Royal Society of London. Series A, Containing Papers of a Mathematical and Physical Character},
  volume={131},
  number={818},
  pages={518--532},
  year={1931},
  publisher={The Royal Society London}
}
					
@article{burg1968new,
  title={A new analysis technique for time series data},
  author={Burg, John Parker},
  journal={Paper presented at NATO Advanced Study Institute on Signal Processing, Enschede, Netherlands, 1968},
  year={1968}
}
					
@article{engle1982autoregressive,
  title={Autoregressive conditional heteroscedasticity with estimates of the variance of United Kingdom inflation},
  author={Engle, Robert F},
  journal={Econometrica: Journal of the Econometric Society},
  pages={987--1007},
  year={1982},
  publisher={JSTOR}
}

@article{bollerslev1986generalized,
  title={Generalized autoregressive conditional heteroskedasticity},
  author={Bollerslev, Tim},
  journal={Journal of econometrics},
  volume={31},
  number={3},
  pages={307--327},
  year={1986},
  publisher={Elsevier}
}
					
@article{engle1993measuring,
  title={Measuring and testing the impact of news on volatility},
  author={Engle, Robert F and Ng, Victor K},
  journal={The journal of finance},
  volume={48},
  number={5},
  pages={1749--1778},
  year={1993},
  publisher={Wiley Online Library}
}
					
@article{pierre1998estimating,
  title={Estimating EGARCH-M models: Science or art?},
  author={Pierre, Eileen F St},
  journal={The Quarterly Review of Economics and Finance},
  volume={38},
  number={2},
  pages={167--180},
  year={1998},
  publisher={Elsevier}
}

@article{hamzaoui2016glosten,
  title={The Glosten-Jagannathan-Runkle-Generalized Autoregressive Conditional Heteroscedastic approach to investigating the foreign exchange forward premium volatility},
  author={Hamzaoui, Nessrine and Regaieg, Boutheina},
  journal={International Journal of Economics and Financial Issues},
  volume={6},
  number={4},
  pages={1608--1615},
  year={2016}
}

@article{hentschel1995all,
  title={All in the family: Nesting symmetric and asymmetric GARCH models},
  author={Hentschel, Ludger and others},
  journal={Journal of Financial Economics},
  volume={39},
  number={1},
  pages={71--104},
  year={1995}
}
					
@article{chen1989representations,
  title={Representations of non-linear systems: the NARMAX model},
  author={Chen, Sheng and Billings, Steve A},
  journal={International Journal of Control},
  volume={49},
  number={3},
  pages={1013--1032},
  year={1989},
  publisher={Taylor \& Francis}
}

@article{kohonen1982self,
  title={Self-organized formation of topologically correct feature maps},
  author={Kohonen, Teuvo},
  journal={Biological cybernetics},
  volume={43},
  number={1},
  pages={59--69},
  year={1982},
  publisher={Springer}
}

@article{koskela1998time,
  title={Time series prediction using recurrent SOM with local linear models},
  author={Koskela, Timo and Varsta, Markus and Heikkonen, Jukka and Kaski, Kimmo},
  journal={Int. J. of Knowledge-Based Intelligent Engineering Systems},
  volume={2},
  number={1},
  pages={60--68},
  year={1998}
}

@article{kim2003financial,
  title={Financial time series forecasting using support vector machines},
  author={Kim, Kyoung-jae},
  journal={Neurocomputing},
  volume={55},
  number={1-2},
  pages={307--319},
  year={2003},
  publisher={Elsevier}
}

@article{zhang2003time,
  title={Time series forecasting using a hybrid ARIMA and neural network model},
  author={Zhang, G Peter},
  journal={Neurocomputing},
  volume={50},
  pages={159--175},
  year={2003},
  publisher={Elsevier}
}

@inproceedings{krizhevsky2012imagenet,
  title={Imagenet classification with deep convolutional neural networks},
  author={Krizhevsky, Alex and Sutskever, Ilya and Hinton, Geoffrey E},
  booktitle={Advances in neural information processing systems},
  pages={1097--1105},
  year={2012}
}

@article{chandra2012cooperative,
  title={Cooperative coevolution of Elman recurrent neural networks for chaotic time series prediction},
  author={Chandra, Rohitash and Zhang, Mengjie},
  journal={Neurocomputing},
  volume={86},
  pages={116--123},
  year={2012},
  publisher={Elsevier}
}

@article{lin2009short,
  title={Short-term stock price prediction based on echo state networks},
  author={Lin, Xiaowei and Yang, Zehong and Song, Yixu},
  journal={Expert systems with applications},
  volume={36},
  number={3},
  pages={7313--7317},
  year={2009},
  publisher={Elsevier}
}

@article{kuremoto2014time,
  title={Time series forecasting using a deep belief network with restricted Boltzmann machines},
  author={Kuremoto, Takashi and Kimura, Shinsuke and Kobayashi, Kunikazu and Obayashi, Masanao},
  journal={Neurocomputing},
  volume={137},
  pages={47--56},
  year={2014},
  publisher={Elsevier}
}

@article{hochreiter1997long,
  title={Long short-term memory},
  author={Hochreiter, Sepp and Schmidhuber, J{\"u}rgen},
  journal={Neural computation},
  volume={9},
  number={8},
  pages={1735--1780},
  year={1997},
  publisher={MIT Press}
}

@article{bao2017deep,
  title={A deep learning framework for financial time series using stacked autoencoders and long-short term memory},
  author={Bao, Wei and Yue, Jun and Rao, Yulei},
  journal={PloS one},
  volume={12},
  number={7},
  pages={e0180944},
  year={2017},
  publisher={Public Library of Science}
}

@inproceedings{vaswani2017attention,
  title={Attention is all you need},
  author={Vaswani, Ashish and Shazeer, Noam and Parmar, Niki and Uszkoreit, Jakob and Jones, Llion and Gomez, Aidan N and Kaiser, {\L}ukasz and Polosukhin, Illia},
  booktitle={Advances in Neural Information Processing Systems},
  pages={5998--6008},
  year={2017}
}

@article{bahdanau2014neural,
  title={Neural machine translation by jointly learning to align and translate},
  author={Bahdanau, Dzmitry and Cho, Kyunghyun and Bengio, Yoshua},
  journal={arXiv preprint arXiv:1409.0473},
  year={2014}
}

@article{graves2014neural,
  title={Neural turing machines},
  author={Graves, Alex and Wayne, Greg and Danihelka, Ivo},
  journal={arXiv preprint arXiv:1410.5401},
  year={2014}
}

@inproceedings{xu2015show,
  title={Show, attend and tell: Neural image caption generation with visual attention},
  author={Xu, Kelvin and Ba, Jimmy and Kiros, Ryan and Cho, Kyunghyun and Courville, Aaron and Salakhudinov, Ruslan and Zemel, Rich and Bengio, Yoshua},
  booktitle={International conference on machine learning},
  pages={2048--2057},
  year={2015}
}

@article{firat2016multi,
  title={Multi-way, multilingual neural machine translation with a shared attention mechanism},
  author={Firat, Orhan and Cho, Kyunghyun and Bengio, Yoshua},
  journal={arXiv preprint arXiv:1601.01073},
  year={2016}
}

@article{peters2018deep,
  title={Deep contextualized word representations},
  author={Peters, Matthew E and Neumann, Mark and Iyyer, Mohit and Gardner, Matt and Clark, Christopher and Lee, Kenton and Zettlemoyer, Luke},
  journal={arXiv preprint arXiv:1802.05365},
  year={2018}
}

@article{bergmeir2012use,
  title={On the use of cross-validation for time series predictor evaluation},
  author={Bergmeir, Christoph and Ben{\'\i}tez, Jos{\'e} M},
  journal={Information Sciences},
  volume={191},
  pages={192--213},
  year={2012},
  publisher={Elsevier}
}

@article{kingma2014adam,
  title={Adam: A method for stochastic optimization},
  author={Kingma, Diederik P and Ba, Jimmy},
  journal={arXiv preprint arXiv:1412.6980},
  year={2014}
}